<record><leader>00000cas a2200000 a 4500</leader><controlfield tag="001">15042858</controlfield><controlfield tag="008">870107d19861988idubr n       0   a0eng d</controlfield><datafield ind1=" " ind2=" " tag="010"><subfield code="a">sn 88056115 </subfield></datafield><datafield ind1=" " ind2=" " tag="040"><subfield code="a">UUM</subfield><subfield code="b">eng</subfield><subfield code="c">UUM</subfield><subfield code="d">NVB</subfield><subfield code="d">NST</subfield><subfield code="d">OCL</subfield><subfield code="d">OCLCQ</subfield><subfield code="d">ONB</subfield><subfield code="d">OCLCO</subfield><subfield code="d">OCLCF</subfield></datafield><datafield ind1=" " ind2=" " tag="012"><subfield code="i">9008</subfield></datafield><datafield ind1=" " ind2=" " tag="037"><subfield code="b">716 West Idaho, Boise, ID 83707</subfield></datafield><datafield ind1=" " ind2=" " tag="042"><subfield code="a">msc</subfield></datafield><datafield ind1=" " ind2=" " tag="043"><subfield code="a">n-us-id</subfield></datafield><datafield ind1=" " ind2="4" tag="050"><subfield code="a">JK7501</subfield><subfield code="b">.I27</subfield></datafield><datafield ind1="0" ind2="0" tag="245"><subfield code="a">North and East Boise journal and Idaho citizen.</subfield></datafield><datafield ind1=" " ind2=" " tag="260"><subfield code="a">Boise, Idaho :</subfield><subfield code="b">Idaho Citizen, Inc.,</subfield><subfield code="c">1986-</subfield></datafield><datafield ind1=" " ind2=" " tag="300"><subfield code="a">v. :</subfield><subfield code="b">ill. ;</subfield><subfield code="c">34 cm.</subfield></datafield><datafield ind1=" " ind2=" " tag="310"><subfield code="a">Bimonthly,</subfield><subfield code="b">Dec. 1987-May 1988</subfield></datafield><datafield ind1=" " ind2=" " tag="321"><subfield code="a">Monthly (except Aug.),</subfield><subfield code="b">Dec. 1986-Nov. 1987</subfield></datafield><datafield ind1="0" ind2=" " tag="362"><subfield code="a">Vol. 1, no. 1 (Dec. 1986)-v. 2, no. 3 (May 1989).</subfield></datafield><datafield ind1=" " ind2="0" tag="651"><subfield code="a">Boise (Idaho)</subfield><subfield code="x">Newspapers.</subfield></datafield><datafield ind1=" " ind2="7" tag="655"><subfield code="a">Newspapers.</subfield><subfield code="2">fast</subfield><subfield code="0">(OCoLC)fst01423814</subfield></datafield><datafield ind1=" " ind2="7" tag="651"><subfield code="a">Idaho</subfield><subfield code="z">Boise.</subfield><subfield code="2">fast</subfield><subfield code="0">(OCoLC)fst01205276</subfield></datafield><datafield ind1="0" ind2="0" tag="780"><subfield code="t">Idaho citizen (Boise, Idaho)</subfield><subfield code="w">(DLC)sn 79000194</subfield><subfield code="w">(OCoLC)4757776</subfield></datafield><datafield ind1=" " ind2=" " tag="850"><subfield code="a">UU</subfield><subfield code="a">WaU</subfield></datafield></record>